@book{TLTK1,
  title={Lecture Slides},
  author={Ph.D Phung Tri Cong},
  year={2025},
  publisher={Ho Chi Minh City University of Technology}
}

@book{TLTK2,
  title={Theory of Applied Robotics},
  author={Reza N.Jazar},
  year={2010},
  publisher={Springer},
  edition = {2nd},
}







